
@misc{Authors14,
 author = {Authors},
 title = {The frobnicatable foo filter},
 note = {Face and Gesture  submission ID 324. Supplied as additional material {\tt fg324.pdf}},
 year = 2014
}

@misc{Authors14b,
 author = {Authors},
 title = {Frobnication tutorial},
 note = {Supplied as additional material {\tt tr.pdf}},
 year = 2014
}

@article{Alpher02,
author = {A. Alpher},
title = {Frobnication},
journal = {Journal of Foo},
volume = 12, 
number = 1, 
pages = {234--778}, 
year = 2002
}

@article{Alpher03,
author = {A. Alpher and  J.~P.~N. Fotheringham-Smythe},
title = {Frobnication revisited},
journal = {Journal of Foo},
volume = 13, 
number = 1, 
pages = {234--778}, 
year = 2003
}

@article{Alpher04,
author = {A. Alpher and J.~P.~N. Fotheringham-Smythe and G. Gamow},
title = {Can a machine frobnicate?},
journal = {Journal of Foo},
volume = 14, 
number = 1, 
pages = {234--778}, 
year = 2004
}


@article{arbelaez2011contour,
  title={Contour detection and hierarchical image segmentation},
  author={Arbelaez, Pablo and Maire, Michael and Fowlkes, Charless and Malik, Jitendra},
  journal={IEEE transactions on pattern analysis and machine intelligence},
  volume={33},
  number={5},
  pages={898--916},
  year={2011},
  publisher={IEEE}
}

@inproceedings{xie2015holistically,
  title={Holistically-nested edge detection},
  author={Xie, Saining and Tu, Zhuowen},
  booktitle={Proc. ICCV'15},
  pages={1395--1403},
  year={2015}
}

@article{maninis2018convolutional,
  title={Convolutional oriented boundaries: From image segmentation to high-level tasks},
  author={Maninis, Kevis-Kokitsi and Pont-Tuset, Jordi and Arbel{\'a}ez, Pablo and Van Gool, Luc},
  journal={IEEE transactions on pattern analysis and machine intelligence},
  volume={40},
  number={4},
  pages={819--833},
  year={2018},
  publisher={IEEE}
}

@inproceedings{long2015fully,
  title={Fully convolutional networks for semantic segmentation},
  author={Long, Jonathan and Shelhamer, Evan and Darrell, Trevor},
  booktitle={Proceedings of the IEEE conference on computer vision and pattern recognition},
  pages={3431--3440},
  year={2015}
}

@article{chen2018deeplab,
  title={Deeplab: Semantic image segmentation with deep convolutional nets, atrous convolution, and fully connected crfs},
  author={Chen, Liang-Chieh and Papandreou, George and Kokkinos, Iasonas and Murphy, Kevin and Yuille, Alan L},
  journal={IEEE transactions on pattern analysis and machine intelligence},
  volume={40},
  number={4},
  pages={834--848},
  year={2018},
  publisher={IEEE}
}

@inproceedings{kong2018recurrent,
  title={Recurrent scene parsing with perspective understanding in the loop},
  author={Kong, Shu and Fowlkes, Charless C},
  booktitle={Proceedings of the IEEE Conference on Computer Vision and Pattern Recognition},
  pages={956--965},
  year={2018}
}

@inproceedings{weinzaepfel2013deepflow,
  title={DeepFlow: Large displacement optical flow with deep matching},
  author={Weinzaepfel, Philippe and Revaud, Jerome and Harchaoui, Zaid and Schmid, Cordelia},
  booktitle={Proceedings of the IEEE International Conference on Computer Vision},
  pages={1385--1392},
  year={2013}
}

@inproceedings{dosovitskiy2015flownet,
  title={Flownet: Learning optical flow with convolutional networks},
  author={Dosovitskiy, Alexey and Fischer, Philipp and Ilg, Eddy and Hausser, Philip and Hazirbas, Caner and Golkov, Vladimir and Van Der Smagt, Patrick and Cremers, Daniel and Brox, Thomas},
  booktitle={Proceedings of the IEEE international conference on computer vision},
  pages={2758--2766},
  year={2015}
}

@inproceedings{cao2017realtime,
  title={Realtime multi-person 2d pose estimation using part affinity fields},
  author={Cao, Zhe and Simon, Tomas and Wei, Shih-En and Sheikh, Yaser},
  booktitle={Proceedings of the IEEE Conference on Computer Vision and Pattern Recognition},
  pages={7291--7299},
  year={2017}
}

@inproceedings{wei2016convolutional,
  title={Convolutional pose machines},
  author={Wei, Shih-En and Ramakrishna, Varun and Kanade, Takeo and Sheikh, Yaser},
  booktitle={Proceedings of the IEEE Conference on Computer Vision and Pattern Recognition},
  pages={4724--4732},
  year={2016}
}

@article{liang2018proposal,
  title={Proposal-free network for instance-level object segmentation},
  author={Liang, Xiaodan and Lin, Liang and Wei, Yunchao and Shen, Xiaohui and Yang, Jianchao and Yan, Shuicheng},
  journal={IEEE transactions on pattern analysis and machine intelligence},
  volume={40},
  number={12},
  pages={2978--2991},
  year={2018},
  publisher={IEEE}
}

@inproceedings{dai2015convolutional,
  title={Convolutional feature masking for joint object and stuff segmentation},
  author={Dai, Jifeng and He, Kaiming and Sun, Jian},
  booktitle={Proceedings of the IEEE Conference on Computer Vision and Pattern Recognition},
  pages={3992--4000},
  year={2015}
}

@inproceedings{li2017fully,
  title={Fully convolutional instance-aware semantic segmentation},
  author={Li, Yi and Qi, Haozhi and Dai, Jifeng and Ji, Xiangyang and Wei, Yichen},
  booktitle={Proceedings of the IEEE Conference on Computer Vision and Pattern Recognition},
  pages={2359--2367},
  year={2017}
}

@inproceedings{liang2016reversible,
  title={Reversible recursive instance-level object segmentation},
  author={Liang, Xiaodan and Wei, Yunchao and Shen, Xiaohui and Jie, Zequn and Feng, Jiashi and Lin, Liang and Yan, Shuicheng},
  booktitle={Proceedings of the IEEE Conference on Computer Vision and Pattern Recognition},
  pages={633--641},
  year={2016}
}

@inproceedings{arnab2017pixelwise,
  title={Pixelwise instance segmentation with a dynamically instantiated network},
  author={Arnab, Anurag and Torr, Philip HS},
  booktitle={Proceedings of the IEEE Conference on Computer Vision and Pattern Recognition},
  pages={441--450},
  year={2017}
}

@inproceedings{hariharan2014simultaneous,
  title={Simultaneous detection and segmentation},
  author={Hariharan, Bharath and Arbel{\'a}ez, Pablo and Girshick, Ross and Malik, Jitendra},
  booktitle={European Conference on Computer Vision},
  pages={297--312},
  year={2014},
  organization={Springer}
}

@inproceedings{chen2015multi,
  title={Multi-instance object segmentation with occlusion handling},
  author={Chen, Yi-Ting and Liu, Xiaokai and Yang, Ming-Hsuan},
  booktitle={Proceedings of the IEEE Conference on Computer Vision and Pattern Recognition},
  pages={3470--3478},
  year={2015}
}

@inproceedings{hariharan2015hypercolumns,
  title={Hypercolumns for object segmentation and fine-grained localization},
  author={Hariharan, Bharath and Arbel{\'a}ez, Pablo and Girshick, Ross and Malik, Jitendra},
  booktitle={Proceedings of the IEEE conference on computer vision and pattern recognition},
  pages={447--456},
  year={2015}
}

@inproceedings{dai2016instance,
  title={Instance-aware semantic segmentation via multi-task network cascades},
  author={Dai, Jifeng and He, Kaiming and Sun, Jian},
  booktitle={Proceedings of the IEEE Conference on Computer Vision and Pattern Recognition},
  pages={3150--3158},
  year={2016}
}

@inproceedings{uhrig2016pixel,
  title={Pixel-level encoding and depth layering for instance-level semantic labeling},
  author={Uhrig, Jonas and Cordts, Marius and Franke, Uwe and Brox, Thomas},
  booktitle={German Conference on Pattern Recognition},
  pages={14--25},
  year={2016},
  organization={Springer}
}

@inproceedings{he2017mask,
  title={Mask r-cnn},
  author={He, Kaiming and Gkioxari, Georgia and Doll{\'a}r, Piotr and Girshick, Ross},
  booktitle={Proceedings of the IEEE international conference on computer vision},
  pages={2961--2969},
  year={2017}
}

@article{yang2012layered,
  title={Layered object models for image segmentation},
  author={Yang, Yi and Hallman, Sam and Ramanan, Deva and Fowlkes, Charless C},
  journal={IEEE Transactions on Pattern Analysis and Machine Intelligence},
  volume={34},
  number={9},
  pages={1731--1743},
  year={2012},
  publisher={IEEE}
}

@inproceedings{ladicky2010and,
  title={What, where and how many? combining object detectors and crfs},
  author={Ladick{\`y}, L'ubor and Sturgess, Paul and Alahari, Karteek and Russell, Chris and Torr, Philip HS},
  booktitle={European conference on computer vision},
  pages={424--437},
  year={2010},
  organization={Springer}
}

@inproceedings{pinheiro2015learning,
  title={Learning to segment object candidates},
  author={Pinheiro, Pedro O and Collobert, Ronan and Doll{\'a}r, Piotr},
  booktitle={Advances in Neural Information Processing Systems},
  pages={1990--1998},
  year={2015}
}

@inproceedings{pinheiro2016learning,
  title={Learning to refine object segments},
  author={Pinheiro, Pedro O and Lin, Tsung-Yi and Collobert, Ronan and Doll{\'a}r, Piotr},
  booktitle={European Conference on Computer Vision},
  pages={75--91},
  year={2016},
  organization={Springer}
}

@inproceedings{hu2017fastmask,
  title={Fastmask: Segment multi-scale object candidates in one shot},
  author={Hu, Hexiang and Lan, Shiyi and Jiang, Yuning and Cao, Zhimin and Sha, Fei},
  booktitle={Proceedings of the IEEE Conference on Computer Vision and Pattern Recognition},
  pages={991--999},
  year={2017}
}

@inproceedings{kirillov2017instancecut,
  title={Instancecut: from edges to instances with multicut},
  author={Kirillov, Alexander and Levinkov, Evgeny and Andres, Bjoern and Savchynskyy, Bogdan and Rother, Carsten},
  booktitle={Proceedings of the IEEE Conference on Computer Vision and Pattern Recognition},
  pages={5008--5017},
  year={2017}
}

@inproceedings{romera2016recurrent,
  title={Recurrent instance segmentation},
  author={Romera-Paredes, Bernardino and Torr, Philip Hilaire Sean},
  booktitle={European conference on computer vision},
  pages={312--329},
  year={2016},
  organization={Springer}
}

@inproceedings{ren2017end,
  title={End-to-end instance segmentation with recurrent attention},
  author={Ren, Mengye and Zemel, Richard S},
  booktitle={Proceedings of the IEEE Conference on Computer Vision and Pattern Recognition},
  pages={6656--6664},
  year={2017}
}

@article{fathi2017semantic,
  title={Semantic instance segmentation via deep metric learning},
  author={Fathi, Alireza and Wojna, Zbigniew and Rathod, Vivek and Wang, Peng and Song, Hyun Oh and Guadarrama, Sergio and Murphy, Kevin P},
  journal={arXiv preprint arXiv:1703.10277},
  year={2017}
}

@inproceedings{newell2017associative,
  title={Associative embedding: End-to-end learning for joint detection and grouping},
  author={Newell, Alejandro and Huang, Zhiao and Deng, Jia},
  booktitle={Advances in Neural Information Processing Systems},
  pages={2277--2287},
  year={2017}
}

@inproceedings{sironi2014multiscale,
  title={Multiscale centerline detection by learning a scale-space distance transform},
  author={Sironi, Amos and Lepetit, Vincent and Fua, Pascal},
  booktitle={Proceedings of the IEEE Conference on Computer Vision and Pattern Recognition},
  pages={2697--2704},
  year={2014}
}

@inproceedings{bai2017deep,
  title={Deep watershed transform for instance segmentation},
  author={Bai, Min and Urtasun, Raquel},
  booktitle={Proceedings of the IEEE Conference on Computer Vision and Pattern Recognition},
  pages={5221--5229},
  year={2017}
}

@InProceedings{Maire_2016_CVPR,
author = {Maire, Michael and Narihira, Takuya and Yu, Stella X.},
title = {Affinity CNN: Learning Pixel-Centric Pairwise Relations for Figure/Ground Embedding},
booktitle = {The IEEE Conference on Computer Vision and Pattern Recognition (CVPR)},
month = {June},
year = {2016}
}

@article{shi2000normalized,
  title={Normalized cuts and image segmentation},
  author={Shi, Jianbo and Malik, Jitendra},
  journal={Departmental Papers (CIS)},
  pages={107},
  year={2000}
}

@inproceedings{kong2018recurrent,
  title={Recurrent pixel embedding for instance grouping},
  author={Kong, Shu and Fowlkes, Charless C},
  booktitle={Proceedings of the IEEE Conference on Computer Vision and Pattern Recognition},
  pages={9018--9028},
  year={2018}
}

@article{de2017semantic,
  title={Semantic instance segmentation with a discriminative loss function},
  author={De Brabandere, Bert and Neven, Davy and Van Gool, Luc},
  journal={arXiv preprint arXiv:1708.02551},
  year={2017}
}

@inproceedings{liu2017sgn,
  title={Sgn: Sequential grouping networks for instance segmentation},
  author={Liu, Shu and Jia, Jiaya and Fidler, Sanja and Urtasun, Raquel},
  booktitle={Proceedings of the IEEE International Conference on Computer Vision},
  pages={3496--3504},
  year={2017}
}

@inproceedings{wolf2018mutex,
  title={The mutex watershed: Efficient, parameter-free image partitioning},
  author={Wolf, Steffen and Pape, Constantin and Bailoni, Alberto and Rahaman, Nasim and Kreshuk, Anna and Kothe, Ullrich and Hamprecht, FredA},
  booktitle={Proceedings of the European Conference on Computer Vision (ECCV)},
  pages={546--562},
  year={2018}
}

@inproceedings{liu2018affinity,
  title={Affinity derivation and graph merge for instance segmentation},
  author={Liu, Yiding and Yang, Siyu and Li, Bin and Zhou, Wengang and Xu, Jizheng and Li, Houqiang and Lu, Yan},
  booktitle={Proceedings of the European Conference on Computer Vision (ECCV)},
  pages={686--703},
  year={2018}
}

@article{lee2017superhuman,
  title={Superhuman accuracy on the SNEMI3D connectomics challenge},
  author={Lee, Kisuk and Zung, Jonathan and Li, Peter and Jain, Viren and Seung, H Sebastian},
  journal={arXiv preprint arXiv:1706.00120},
  year={2017}
}

@inproceedings{malmberg2011generalized,
  title={Generalized hard constraints for graph segmentation},
  author={Malmberg, Filip and Strand, Robin and Nystr{\"o}m, Ingela},
  booktitle={Scandinavian Conference on Image Analysis},
  pages={36--47},
  year={2011},
  organization={Springer}
}

@inproceedings{levinkov2017comparative,
  title={A comparative study of local search algorithms for correlation clustering},
  author={Levinkov, Evgeny and Kirillov, Alexander and Andres, Bjoern},
  booktitle={German Conference on Pattern Recognition},
  pages={103--114},
  year={2017},
  organization={Springer}
}

@article{felzenszwalb2004efficient,
  title={Efficient graph-based image segmentation},
  author={Felzenszwalb, Pedro F and Huttenlocher, Daniel P},
  journal={International journal of computer vision},
  volume={59},
  number={2},
  pages={167--181},
  year={2004},
  publisher={Springer}
}
